<?xml version="1.0" encoding="UTF-8"?><collection xmlns="http://www.loc.gov/MARC21/slim"><record><leader>00348nam--2200121-i-4500</leader><controlfield tag="001">000031726</controlfield><controlfield tag="002">20161230</controlfield><controlfield tag="005">20161230201038</controlfield><controlfield tag="008">060222s1000------------r-----000-0-eng-d</controlfield><datafield ind1=" " ind2=" " tag="100"><subfield code="a">Linke, W.F</subfield></datafield><datafield ind1=" " ind2=" " tag="245"><subfield code="a">Solubilities inorganic and metal-organic ccompounds. fourth edition</subfield></datafield><datafield ind1=" " ind2=" " tag="260"><subfield code="a">Princeton, D.Van Nostrand Comp.,Inc., 1958. 1487p</subfield></datafield><datafield ind1=" " ind2=" " tag="852"><subfield code="a">14966</subfield></datafield></record></collection>